@article{bar73,
	title={The four laws of black hole mechanics},
	author={Bardeen, James M and Carter, Brandon and Hawking, Stephen W},
	journal={Communications in mathematical physics},
	volume={31},
	number={2},
	pages={161--170},
	year={1973},
	publisher={Springer}
}